# friend-to-friend
## general
@misc{bricklin2000friend,
  title={Friend-to-friend networks},
  author={Bricklin, Dan},
  year={2000}
}

## freenet & Sandberg
@inproceedings{clarke2001freenet,
  title={Freenet: A distributed anonymous information storage and retrieval system},
  author={Clarke, Ian and Sandberg, Oskar and Wiley, Brandon and Hong, Theodore W},
  booktitle={Designing Privacy Enhancing Technologies},
  pages={46--66},
  year={2001},
  organization={Springer}
}
@inproceedings{sandberg2006distributed,
  title={Distributed routing in small-world networks},
  author={Sandberg, Oskar},
  booktitle={Proceedings of the Meeting on Algorithm Engineering \& Expermiments},
  pages={144--155},
  year={2006},
  organization={Society for Industrial and Applied Mathematics}
}
@article{sandberg2006evolution,
  title={The evolution of navigable small-world networks},
  author={Sandberg, Oskar and Clarke, Ian},
  journal={arXiv preprint cs/0607025},
  year={2006}
}
@article{sandberg2008neighbor,
  title={Neighbor selection and hitting probability in small-world graphs},
  author={Sandberg, Oskar},
  journal={The Annals of Applied Probability},
  pages={1771--1793},
  year={2008},
  publisher={JSTOR}
}
@article{mogren2008adaptive,
  title={Adaptive dynamics of realistic small-world networks},
  author={Mogren, Olof and Sandberg, Oskar and Verendel, Vilhelm and Dubhashi, Devdatt},
  journal={arXiv preprint arXiv:0804.1115},
  year={2008}
}
@inproceedings{evans2007routing,
  title={Routing in the dark: Pitch black},
  author={Evans, Nathan S and GauthierDickey, Chris and Grothoff, Christian},
  booktitle={Computer Security Applications Conference, 2007. ACSAC 2007. Twenty-Third Annual},
  pages={305--314},
  year={2007},
  organization={IEEE}
}
@article{clarke2010private,
  title={Private communication through a network of trusted connections: The dark freenet},
  author={Clarke, Ian and Sandberg, Oskar and Toseland, Matthew and Verendel, Vilhelm},
  journal={Network},
  year={2010}
}




## Roos et al.
### non-greedy embedding
@inproceedings{schiller2011attack,
  title={Attack resistant network embeddings for darknets},
  author={Schiller, Benjamin and Roos, Stefanie and Hofer, Andreas and Strufe, Thorsten},
  booktitle={Reliable Distributed Systems Workshops (SRDSW), 2011 30th IEEE Symposium on},
  pages={90--95},
  year={2011},
  organization={IEEE}
}
@inproceedings{roos2012provable,
  title={Provable polylog routing for darknets},
  author={Roos, Stefanie and Strufe, Thorsten},
  booktitle={2012 32nd International Conference on Distributed Computing Systems Workshops},
  pages={140--146},
  year={2012},
  organization={IEEE}
}
@inproceedings{roos2013contribution,
  title={A contribution to analyzing and enhancing Darknet routing},
  author={Roos, Stefanie and Strufe, Thorsten},
  booktitle={INFOCOM, 2013 Proceedings IEEE},
  pages={615--619},
  year={2013},
  organization={IEEE}
}
@article{roos2016dealing,
  title={Dealing with Dead Ends: Efficient Routing in Darknets},
  author={Roos, Stefanie and Strufe, Thorsten},
  journal={ACM Transactions on Modeling and Performance Evaluation of Computing Systems},
  volume={1},
  number={1},
  pages={4},
  year={2016},
  publisher={ACM}
}

### greedy embedding
@inproceedings{hofer2013greedy,
  title={Greedy embedding, routing and content addressing for darknets},
  author={H{\"o}fer, Andreas and Roos, Stefanie and Strufe, Thorsten},
  booktitle={Networked Systems (NetSys), 2013 Conference on},
  pages={43--50},
  year={2013},
  organization={IEEE}
}
@inproceedings{roos2016anonymous,
  title={Anonymous addresses for efficient and resilient routing in F2F overlays},
  author={Roos, Stefanie and Beck, Martin and Strufe, Thorsten},
  booktitle={Computer Communications, IEEE INFOCOM 2016-The 35th Annual IEEE International Conference on},
  pages={1--9},
  year={2016},
  organization={IEEE}
}
@phdthesis{roos2016analyzing,
  title={Analyzing and Enhancing Routing Protocols for Friend-to-Friend Overlays},
  author={Roos, Dipl-Math Stefanie},
  year={2016},
  school={TU Dresden, Germany}
}



# network theory
## kleinberg
@inproceedings{kleinberg2000small,
  title={The small-world phenomenon: An algorithmic perspective},
  author={Kleinberg, Jon},
  booktitle={Proceedings of the thirty-second annual ACM symposium on Theory of computing},
  pages={163--170},
  year={2000},
  organization={ACM}
}


## non-greedy routing
@article{csimcsek2008navigating,
  title={Navigating networks by using homophily and degree},
  author={{\c{S}}im{\c{s}}ek, {\"O}zg{\"u}r and Jensen, David},
  journal={Proceedings of the National Academy of Sciences},
  volume={105},
  number={35},
  pages={12758--12762},
  year={2008},
  publisher={National Acad Sciences}
}


## other models in euclid space
@article{serrano2008self,
  title={Self-similarity of complex networks and hidden metric spaces},
  author={Serrano, M Angeles and Krioukov, Dmitri and Bogun{\'a}, Mari{\'a}n},
  journal={Physical review letters},
  volume={100},
  number={7},
  pages={078701},
  year={2008},
  publisher={APS}
}
@article{boguna2009navigating,
  title={Navigating ultrasmall worlds in ultrashort time},
  author={Bogun{\'a}, Mari{\'a}n and Krioukov, Dmitri},
  journal={Physical review letters},
  volume={102},
  number={5},
  pages={058701},
  year={2009},
  publisher={APS}
}
@article{boguna2009navigability,
  title={Navigability of complex networks},
  author={Bogun{\'a}, Mari{\'a}n and Krioukov, Dmitri and Claffy, Kimberly C},
  journal={Nature Physics},
  volume={5},
  number={1},
  pages={74--80},
  year={2009},
  publisher={Nature Publishing Group}
}


## hyperbolic space
@inproceedings{kleinberg2007geographic,
  title={Geographic routing using hyperbolic space},
  author={Kleinberg, Robert},
  booktitle={IEEE INFOCOM 2007-26th IEEE International Conference on Computer Communications},
  pages={1902--1909},
  year={2007},
  organization={IEEE}
}
@inproceedings{cvetkovski2009hyperbolic,
  title={Hyperbolic embedding and routing for dynamic graphs},
  author={Cvetkovski, Andrej and Crovella, Mark},
  booktitle={INFOCOM 2009, IEEE},
  pages={1647--1655},
  year={2009},
  organization={IEEE}
}
@article{krioukov2010hyperbolic,
  title={Hyperbolic geometry of complex networks},
  author={Krioukov, Dmitri and Papadopoulos, Fragkiskos and Kitsak, Maksim and Vahdat, Amin and Bogun{\'a}, Mari{\'a}n},
  journal={Physical Review E},
  volume={82},
  number={3},
  pages={036106},
  year={2010},
  publisher={APS}
}
@article{boguna2010sustaining,
  title={Sustaining the internet with hyperbolic mapping},
  author={Bogun{\'a}, Mari{\'a}n and Papadopoulos, Fragkiskos and Krioukov, Dmitri},
  journal={Nature communications},
  volume={1},
  pages={62},
  year={2010},
  publisher={Nature Publishing Group}
}
@article{papadopoulos2015network,
  title={Network mapping by replaying hyperbolic growth},
  author={Papadopoulos, Fragkiskos and Psomas, Constantinos and Krioukov, Dmitri},
  journal={IEEE/ACM Transactions on Networking (TON)},
  volume={23},
  number={1},
  pages={198--211},
  year={2015},
  publisher={IEEE Press}
}
@inproceedings{blasius2016efficient,
  title={Efficient embedding of scale-free graphs in the hyperbolic plane},
  author={Bl{\"a}sius, Thomas and Friedrich, Tobias and Krohmer, Anton and Laue, S{\"o}ren},
  booktitle={LIPIcs-Leibniz International Proceedings in Informatics},
  volume={57},
  year={2016},
  organization={Schloss Dagstuhl-Leibniz-Zentrum fuer Informatik}
}








# survey
@article{lua2005survey,
  title={A survey and comparison of peer-to-peer overlay network schemes},
  author={Lua, Eng Keong and Crowcroft, Jon and Pias, Marcelo and Sharma, Ravi and Lim, Steven},
  journal={IEEE Communications Surveys \& Tutorials},
  volume={7},
  number={2},
  pages={72--93},
  year={2005},
  publisher={IEEE}
}
@inproceedings{kleinberg2006complex,
  title={Complex networks and decentralized search algorithms},
  author={Kleinberg, Jon},
  booktitle={Proceedings of the International Congress of Mathematicians (ICM)},
  volume={3},
  pages={1019--1044},
  year={2006}
}
@article{huang2014navigation,
  title={Navigation in spatial networks: A survey},
  author={Huang, Wei and Chen, Shengyong and Wang, Wanliang},
  journal={Physica A: Statistical Mechanics and its Applications},
  volume={393},
  pages={132--154},
  year={2014},
  publisher={Elsevier}
}

# textbook
@article{van2010graph,
  title={Graph theory and complex networks: An introduction},
  author={Van Steen, Maarten},
  year={2010}
}

